@Book{kriswanta2009,
author = {G. Kriswanta Pr.},
title = {Bagaimana Sih Menikah Gerejani Itu?},
publisher = {Penerbit Kanisius},
year = {2009},
}

@InCollection{ryant2008,
author = {Bagas Ryant S.},
title = {Pacaran},
booktitle = {Media Komunikasi Keuskupan Bogor - M E K A R},
publisher = {Keuskupan Bogor},
year = {2008},
}

@TechReport{bppmdiy2011,
author = {Provinsi DIY BPPM },
title = {Hasil Penelitian Kesehatan Reproduksi Remaja DIY 2011},
institution = {BPPM},
year = {2011},
}

@Book{khk2011,
author = {GKR},
title = {Kitab Hukum Kanonik},
publisher = {Konferensi Waligereja Indonesia},
year = {2011},
}

@Book{iman1996,
author = {KWI},
title = {Iman Katolik},
publisher = {Penerbit Kanisius},
year = {1996},
}

@Book{sony2009,
author={Sony Set},
title={Teen Dating Violence},
publisher={Penerbit Kanisius},
year={2009}
}

@Misc{qardhawi2012,
author = {Muhammad Yusuf Qardhawi},
title = {Pendidikan Agama Benteng Moralitas},
howpublished = {Kedaulatan Rakyat 11-12-2012},
month = {Desember},
year = {2012},
}
